@article{wason1968reasoning,
  title={Reasoning about a rule},
  author={Wason, Peter C},
  journal={Quarterly journal of experimental psychology},
  volume={20},
  number={3},
  pages={273--281},
  year={1968},
  publisher={SAGE Publications Sage UK: London, England}
}

@article{cosmides1989logic,
  title={The logic of social exchange: Has natural selection shaped how humans reason? Studies with the Wason selection task},
  author={Cosmides, Leda},
  journal={Cognition},
  volume={31},
  number={3},
  pages={187--276},
  year={1989},
  publisher={Elsevier}
}